@book {RuzhanskyTurunen10,
    AUTHOR = {Ruzhansky, Michael and Turunen, Ville},
     TITLE = {Pseudo-differential operators and symmetries},
    SERIES = {Pseudo-Differential Operators. Theory and Applications},
    VOLUME = {2},
      NOTE = {Background analysis and advanced topics},
 PUBLISHER = {Birkh\"auser Verlag, Basel},
      YEAR = {2010},
     PAGES = {xiv+709},
      ISBN = {978-3-7643-8513-2},
   MRCLASS = {35-02 (35S05 43A77 43A80 43A85 47G30 58J40)},
  MRNUMBER = {2567604 (2011b:35003)},
MRREVIEWER = {Fabio Nicola},
       DOI = {10.1007/978-3-7643-8514-9},
       URL = {http://dx.doi.org/10.1007/978-3-7643-8514-9},
}

@book {Stein93,
    AUTHOR = {Stein, Elias M.},
     TITLE = {Harmonic analysis: real-variable methods, orthogonality, and
              oscillatory integrals},
    SERIES = {Princeton Mathematical Series},
    VOLUME = {43},
      NOTE = {With the assistance of Timothy S. Murphy,
              Monographs in Harmonic Analysis, III},
 PUBLISHER = {Princeton University Press, Princeton, NJ},
      YEAR = {1993},
     PAGES = {xiv+695},
      ISBN = {0-691-03216-5},
   MRCLASS = {42-02 (35Sxx 43-02 47G30)},
  MRNUMBER = {1232192 (95c:42002)},
MRREVIEWER = {Michael Cowling},
}

@book {Vilenkin95,
    AUTHOR = {Vilenkin, N. Ja. and Klimyk, A. U.},
     TITLE = {Representation of {L}ie groups and special functions},
    SERIES = {Mathematics and its Applications},
    VOLUME = {316},
      NOTE = {Recent advances,
              Translated from the Russian manuscript by V. A. Groza and A.
              A. Groza},
 PUBLISHER = {Kluwer Academic Publishers Group, Dordrecht},
      YEAR = {1995},
     PAGES = {xvi+497},
      ISBN = {0-7923-3210-5},
   MRCLASS = {33C80 (22-02 33-02 33D80)},
  MRNUMBER = {1371383 (99f:33019)},
MRREVIEWER = {P. D. F. Ion},
       DOI = {10.1007/978-94-017-2885-0},
       URL = {http://dx.doi.org/10.1007/978-94-017-2885-0},
}

@incollection {FischerRuzhansky12,
    AUTHOR = {Fischer, V{\'e}ronique and Ruzhansky, Michael},
     TITLE = {A pseudo-differential calculus on graded nilpotent {L}ie
              groups},
 BOOKTITLE = {Fourier analysis},
    SERIES = {Trends Math.},
     PAGES = {107--132},
 PUBLISHER = {Birkh\"auser/Springer, Cham},
      YEAR = {2014},
   MRCLASS = {35S05 (35R03 43A80)},
  MRNUMBER = {3362017},
}

@book {FischerRuzhansky16,
    AUTHOR = {Fischer, Veronique and Ruzhansky, Michael},
     TITLE = {Quantization on nilpotent {L}ie groups},
    SERIES = {Progress in Mathematics},
    VOLUME = {314},
 PUBLISHER = {Birkh\"auser/Springer, [Cham]},
      YEAR = {2016},
     PAGES = {xiii+557},
      ISBN = {978-3-319-29557-2; 978-3-319-29558-9},
   MRCLASS = {22E25 (22E30 35R03 35S05 43A80 46-01 46Lxx)},
  MRNUMBER = {3469687},
       DOI = {10.1007/978-3-319-29558-9},
       URL = {http://dx.doi.org/10.1007/978-3-319-29558-9},
}

@article {ChirikjianKyatkin00,
    AUTHOR = {Chirikjian, Gregory S. and Kyatkin, Alexander B.},
     TITLE = {An operational calculus for the {E}uclidean motion group with
              applications in robotics and polymer science},
   JOURNAL = {J. Fourier Anal. Appl.},
  FJOURNAL = {The Journal of Fourier Analysis and Applications},
    VOLUME = {6},
      YEAR = {2000},
    NUMBER = {6},
     PAGES = {583--606},
      ISSN = {1069-5869},
   MRCLASS = {22E70 (70B15 82D60)},
  MRNUMBER = {1790245},
       DOI = {10.1007/BF02510697},
       URL = {http://dx.doi.org/10.1007/BF02510697},
}

@incollection {ChirikjianWang04,
    AUTHOR = {Chirikjian, Gregory S. and Wang, Yunfeng},
     TITLE = {Engineering applications of the motion-group {F}ourier
              transform},
 BOOKTITLE = {Modern signal processing},
    SERIES = {Math. Sci. Res. Inst. Publ.},
    VOLUME = {46},
     PAGES = {63--77},
 PUBLISHER = {Cambridge Univ. Press, Cambridge},
      YEAR = {2004},
   MRCLASS = {43A85 (22E30)},
  MRNUMBER = {2075949 (2005c:43008)},
}

@article {Ito52,
    AUTHOR = {It{\^o}, Seiz{\^o}},
     TITLE = {Unitary representations of some linear groups},
   JOURNAL = {Nagoya Math. J.},
  FJOURNAL = {Nagoya Mathematical Journal},
    VOLUME = {4},
      YEAR = {1952},
     PAGES = {1--13},
      ISSN = {0027-7630},
   MRCLASS = {20.0X},
  MRNUMBER = {0046369},
MRREVIEWER = {G. W. Mackey},
}

@article {Kumahara73,
    AUTHOR = {Kumahara, Keisaku and Okamoto, Kiyosato},
     TITLE = {An analogue of the {P}aley-{W}iener theorem for the euclidean
              motion group},
   JOURNAL = {Osaka J. Math.},
  FJOURNAL = {Osaka Journal of Mathematics},
    VOLUME = {10},
      YEAR = {1973},
     PAGES = {77--91},
      ISSN = {0030-6126},
   MRCLASS = {22E30},
  MRNUMBER = {0335685},
MRREVIEWER = {Kenneth Johnson},
}

@article {Kumahara76,
    AUTHOR = {Kumahara, Keisaku},
     TITLE = {Fourier transforms on the motion groups},
   JOURNAL = {J. Math. Soc. Japan},
  FJOURNAL = {Journal of the Mathematical Society of Japan},
    VOLUME = {28},
      YEAR = {1976},
    NUMBER = {1},
     PAGES = {18--32},
      ISSN = {0025-5645},
   MRCLASS = {43A30},
  MRNUMBER = {0394052},
MRREVIEWER = {Pierre Eymard},
}

@book {Reed72,
    AUTHOR = {Reed, Michael and Simon, Barry},
     TITLE = {Methods of modern mathematical physics. {I}},
   EDITION = {Second},
      NOTE = {Functional analysis},
 PUBLISHER = {Academic Press, Inc. [Harcourt Brace Jovanovich, Publishers],
              New York},
      YEAR = {1980},
     PAGES = {xv+400},
      ISBN = {0-12-585050-6},
   MRCLASS = {46-01 (47-01)},
  MRNUMBER = {751959},
}

@article {RuzhanskyTurunenWirth10,
    AUTHOR = {Ruzhansky, Michael and Turunen, Ville and Wirth, Jens},
     TITLE = {H\"ormander class of pseudo-differential operators on compact
              {L}ie groups and global hypoellipticity},
   JOURNAL = {J. Fourier Anal. Appl.},
  FJOURNAL = {The Journal of Fourier Analysis and Applications},
    VOLUME = {20},
      YEAR = {2014},
    NUMBER = {3},
     PAGES = {476--499},
      ISSN = {1069-5869},
   MRCLASS = {35H10 (22Exx 35R03 35S05)},
  MRNUMBER = {3217484},
MRREVIEWER = {Francesco Rossi},
       DOI = {10.1007/s00041-014-9322-9},
       URL = {http://dx.doi.org/10.1007/s00041-014-9322-9},
}

@article {DelgadoRuzhansky14,
    AUTHOR = {Delgado, Julio and Ruzhansky, Michael},
     TITLE = {Schatten classes on compact manifolds: kernel conditions},
   JOURNAL = {J. Funct. Anal.},
  FJOURNAL = {Journal of Functional Analysis},
    VOLUME = {267},
      YEAR = {2014},
    NUMBER = {3},
     PAGES = {772--798},
      ISSN = {0022-1236},
   MRCLASS = {47G10 (22E30 58J40)},
  MRNUMBER = {3212723},
MRREVIEWER = {Vladimir V. Kisil},
       DOI = {10.1016/j.jfa.2014.04.016},
       URL = {http://dx.doi.org/10.1016/j.jfa.2014.04.016},
}

@book {Schwartz1981,
    AUTHOR = {Schwartz, Laurent},
     TITLE = {Cours d'analyse. 1},
   EDITION = {Second},
 PUBLISHER = {Hermann, Paris},
      YEAR = {1981},
     PAGES = {xxix+830},
      ISBN = {2-7056-5764-9},
   MRCLASS = {00A05 (26-01 46-01 54-01 58-01)},
  MRNUMBER = {756814},
}

@article {Fischer2015,
    AUTHOR = {Fischer, V{\'e}ronique},
     TITLE = {Intrinsic pseudo-differential calculi on any compact {L}ie
              group},
   JOURNAL = {J. Funct. Anal.},
  FJOURNAL = {Journal of Functional Analysis},
    VOLUME = {268},
      YEAR = {2015},
    NUMBER = {11},
     PAGES = {3404--3477},
      ISSN = {0022-1236},
   MRCLASS = {43A75 (22E30 35S05 58J40)},
  MRNUMBER = {3336729},
MRREVIEWER = {Pierre Clare},
       DOI = {10.1016/j.jfa.2015.03.015},
       URL = {http://dx.doi.org/10.1016/j.jfa.2015.03.015},
}

@book {Willem2013,
    AUTHOR = {Willem, Michel},
     TITLE = {Functional analysis},
    SERIES = {Cornerstones},
      NOTE = {Fundamentals and applications},
 PUBLISHER = {Birkh\"auser/Springer, New York},
      YEAR = {2013},
     PAGES = {xiv+213},
      ISBN = {978-1-4614-7003-8; 978-1-4614-7004-5},
   MRCLASS = {46-01 (35B05 35B50 35J25 35P05)},
  MRNUMBER = {3112778},
       DOI = {10.1007/978-1-4614-7004-5},
       URL = {http://dx.doi.org/10.1007/978-1-4614-7004-5},
}

@book {Mawhin1997,
    AUTHOR = {Mawhin, Jean},
     TITLE = {Analyse},
    SERIES = {Acc\`es Sciences. [Access to Sciences]},
   EDITION = {Second},
      NOTE = {Fondements, techniques, {\'e}volution. [Foundations,
              techniques, evolution]},
 PUBLISHER = {De Boeck Universit\'e, Brussels},
      YEAR = {1997},
     PAGES = {viii+808},
      ISBN = {2-8041-2489-4},
   MRCLASS = {00A05 (26-01 28-01 46-01)},
  MRNUMBER = {1438786},
}

@book {Rudin87,
    AUTHOR = {Rudin, Walter},
     TITLE = {Real and complex analysis},
   EDITION = {Third},
 PUBLISHER = {McGraw-Hill Book Co., New York},
      YEAR = {1987},
     PAGES = {xiv+416},
      ISBN = {0-07-054234-1},
   MRCLASS = {00A05 (26-01 30-01 46-01)},
  MRNUMBER = {924157},
}

@book {Rudin91,
    AUTHOR = {Rudin, Walter},
     TITLE = {Functional analysis},
    SERIES = {International Series in Pure and Applied Mathematics},
   EDITION = {Second},
 PUBLISHER = {McGraw-Hill, Inc., New York},
      YEAR = {1991},
     PAGES = {xviii+424},
      ISBN = {0-07-054236-8},
   MRCLASS = {46-01 (47-01)},
  MRNUMBER = {1157815},
}

@book {Rudin76,
    AUTHOR = {Rudin, Walter},
     TITLE = {Principles of mathematical analysis},
   EDITION = {Third},
      NOTE = {International Series in Pure and Applied Mathematics},
 PUBLISHER = {McGraw-Hill Book Co., New York-Auckland-D\"usseldorf},
      YEAR = {1976},
     PAGES = {x+342},
   MRCLASS = {26-02},
  MRNUMBER = {0385023},
}


@article {Mackey51,
    AUTHOR = {Mackey, George W.},
     TITLE = {On induced representations of groups},
   JOURNAL = {Amer. J. Math.},
  FJOURNAL = {American Journal of Mathematics},
    VOLUME = {73},
      YEAR = {1951},
     PAGES = {576--592},
      ISSN = {0002-9327},
   MRCLASS = {20.0X},
  MRNUMBER = {0042420},
MRREVIEWER = {F. I. Mautner},
}

@article {Mackey52,
    AUTHOR = {Mackey, George W.},
     TITLE = {Induced representations of locally compact groups. {I}},
   JOURNAL = {Ann. of Math. (2)},
  FJOURNAL = {Annals of Mathematics. Second Series},
    VOLUME = {55},
      YEAR = {1952},
     PAGES = {101--139},
      ISSN = {0003-486X},
   MRCLASS = {20.0X},
  MRNUMBER = {0044536},
MRREVIEWER = {F. I. Mautner},
}

@article {EguchiMasaakiKumahara80,
    AUTHOR = {Eguchi, Masaaki and Kumahara, Keisaku and Muta, Y{\^o}ichi},
     TITLE = {A subspace of {S}chwartz space on motion groups},
   JOURNAL = {Hiroshima Math. J.},
  FJOURNAL = {Hiroshima Mathematical Journal},
    VOLUME = {10},
      YEAR = {1980},
    NUMBER = {3},
     PAGES = {691--698},
      ISSN = {0018-2079},
     CODEN = {HMTJAD},
   MRCLASS = {22E30 (22E45 43A75)},
  MRNUMBER = {594142},
MRREVIEWER = {P. C. Trombi},
       URL = {http://projecteuclid.org/euclid.hmj/1206134348},
}

@book {VaropoulosSaloffCosteCoulhon92,
    AUTHOR = {Varopoulos, N. Th. and Saloff-Coste, L. and Coulhon, T.},
     TITLE = {Analysis and geometry on groups},
    SERIES = {Cambridge Tracts in Mathematics},
    VOLUME = {100},
 PUBLISHER = {Cambridge University Press, Cambridge},
      YEAR = {1992},
     PAGES = {xii+156},
      ISBN = {0-521-35382-3},
   MRCLASS = {43A80 (47D03 47F05 58G11 60B15)},
  MRNUMBER = {1218884},
MRREVIEWER = {A. Hulanicki},
}

@article {RuzhanskyWirth14,
    AUTHOR = {Ruzhansky, Michael and Wirth, Jens},
     TITLE = {Global functional calculus for operators on compact {L}ie
              groups},
   JOURNAL = {J. Funct. Anal.},
  FJOURNAL = {Journal of Functional Analysis},
    VOLUME = {267},
      YEAR = {2014},
    NUMBER = {1},
     PAGES = {144--172},
      ISSN = {0022-1236},
   MRCLASS = {35S05 (22E30 35R03)},
  MRNUMBER = {3206511},
MRREVIEWER = {Kazushi Yoshitomi},
       DOI = {10.1016/j.jfa.2014.04.009},
       URL = {http://dx.doi.org/10.1016/j.jfa.2014.04.009},
}

@book {Shubin01,
    AUTHOR = {Shubin, M. A.},
     TITLE = {Pseudodifferential operators and spectral theory},
   EDITION = {Second},
      NOTE = {Translated from the 1978 Russian original by Stig I.
              Andersson},
 PUBLISHER = {Springer-Verlag, Berlin},
      YEAR = {2001},
     PAGES = {xii+288},
      ISBN = {3-540-41195-X},
   MRCLASS = {47G30 (35Sxx 58J40)},
  MRNUMBER = {1852334},
       DOI = {10.1007/978-3-642-56579-3},
       URL = {http://dx.doi.org/10.1007/978-3-642-56579-3},
}

@incollection {Chirikjian13,
    AUTHOR = {Chirikjian, Gregory S.},
     TITLE = {Numerical harmonic analysis and diffusions on the 3{D}-motion
              group},
 BOOKTITLE = {Excursions in harmonic analysis. {V}olume 2},
    SERIES = {Appl. Numer. Harmon. Anal.},
     PAGES = {333--353},
 PUBLISHER = {Birkh\"auser/Springer, New York},
      YEAR = {2013},
   MRCLASS = {65Txx (92D20)},
  MRNUMBER = {3050326},
       DOI = {10.1007/978-0-8176-8379-5_17},
       URL = {http://dx.doi.org/10.1007/978-0-8176-8379-5_17},
}

@article {FurioliMelziVeneruso06,
    AUTHOR = {Furioli, G. and Melzi, C. and Veneruso, A.},
     TITLE = {Littlewood-{P}aley decompositions and {B}esov spaces on {L}ie
              groups of polynomial growth},
   JOURNAL = {Math. Nachr.},
  FJOURNAL = {Mathematische Nachrichten},
    VOLUME = {279},
      YEAR = {2006},
    NUMBER = {9-10},
     PAGES = {1028--1040},
      ISSN = {0025-584X},
   MRCLASS = {43A80 (22E30)},
  MRNUMBER = {2242964},
MRREVIEWER = {Leszek Skrzypczak},
       DOI = {10.1002/mana.200510409},
       URL = {http://dx.doi.org/10.1002/mana.200510409},
}

@article {Folland75,
    AUTHOR = {Folland, G. B.},
     TITLE = {Subelliptic estimates and function spaces on nilpotent {L}ie
              groups},
   JOURNAL = {Ark. Mat.},
  FJOURNAL = {Arkiv f\"or Matematik},
    VOLUME = {13},
      YEAR = {1975},
    NUMBER = {2},
     PAGES = {161--207},
      ISSN = {0004-2080},
   MRCLASS = {58G05 (35H05 44A25)},
  MRNUMBER = {0494315},
MRREVIEWER = {A. S. Dynin},
}

@article {RuzhanskyWirth15,
    AUTHOR = {Ruzhansky, Michael and Wirth, Jens},
     TITLE = {{$L\sp p$} {F}ourier multipliers on compact {L}ie groups},
   JOURNAL = {Math. Z.},
  FJOURNAL = {Mathematische Zeitschrift},
    VOLUME = {280},
      YEAR = {2015},
    NUMBER = {3-4},
     PAGES = {621--642},
      ISSN = {0025-5874},
   MRCLASS = {43A22 (22E30 43A15 43A77)},
  MRNUMBER = {3369343},
MRREVIEWER = {A. H. Dooley},
       DOI = {10.1007/s00209-015-1440-9},
       URL = {http://dx.doi.org/10.1007/s00209-015-1440-9},
}

@article {RuzhanskyTurunen11,
    AUTHOR = {Ruzhansky, Michael and Turunen, Ville},
     TITLE = {Sharp {G}\aa rding inequality on compact {L}ie groups},
   JOURNAL = {J. Funct. Anal.},
  FJOURNAL = {Journal of Functional Analysis},
    VOLUME = {260},
      YEAR = {2011},
    NUMBER = {10},
     PAGES = {2881--2901},
      ISSN = {0022-1236},
     CODEN = {JFUAAW},
   MRCLASS = {35S05 (22E30 35R03 47G30)},
  MRNUMBER = {2774058},
MRREVIEWER = {Po-Lam Yung},
       DOI = {10.1016/j.jfa.2011.02.014},
       URL = {http://dx.doi.org/10.1016/j.jfa.2011.02.014},
}

@book {Hormander07,
    AUTHOR = {H{\"o}rmander, Lars},
     TITLE = {The analysis of linear partial differential operators. {III}},
    SERIES = {Classics in Mathematics},
      NOTE = {Pseudo-differential operators,
              Reprint of the 1994 edition},
 PUBLISHER = {Springer, Berlin},
      YEAR = {2007},
     PAGES = {viii+525},
      ISBN = {978-3-540-49937-4},
   MRCLASS = {35-02 (35Sxx 47F05 47G30 58J40)},
  MRNUMBER = {2304165},
}

@article {Taylor84,
    AUTHOR = {Taylor, Michael E.},
     TITLE = {Noncommutative microlocal analysis. {I}},
   JOURNAL = {Mem. Amer. Math. Soc.},
  FJOURNAL = {Memoirs of the American Mathematical Society},
    VOLUME = {52},
      YEAR = {1984},
    NUMBER = {313},
     PAGES = {iv+182},
      ISSN = {0065-9266},
     CODEN = {MAMCAU},
   MRCLASS = {58G15 (35A27 35H05 35S99)},
  MRNUMBER = {764508},
MRREVIEWER = {Gunther A. Uhlmann},
       DOI = {10.1090/memo/0313},
       URL = {http://dx.doi.org/10.1090/memo/0313},
}

@book {DunfordSchwartz88,
    AUTHOR = {Dunford, Nelson and Schwartz, Jacob T.},
     TITLE = {Linear operators. {P}art {III}},
    SERIES = {Wiley Classics Library},
      NOTE = {Spectral operators,
              With the assistance of William G. Bade and Robert G. Bartle,
              Reprint of the 1971 original,
              A Wiley-Interscience Publication},
 PUBLISHER = {John Wiley \& Sons, Inc., New York},
      YEAR = {1988},
     PAGES = {i--xx and 1925--2592},
      ISBN = {0-471-60846-7},
   MRCLASS = {47-01 (46-01)},
  MRNUMBER = {1009164},
}

@book {Knapp02,
    AUTHOR = {Knapp, Anthony W.},
     TITLE = {Lie groups beyond an introduction},
    SERIES = {Progress in Mathematics},
    VOLUME = {140},
   EDITION = {Second},
 PUBLISHER = {Birkh\"auser Boston, Inc., Boston, MA},
      YEAR = {2002},
     PAGES = {xviii+812},
      ISBN = {0-8176-4259-5},
   MRCLASS = {22-01},
  MRNUMBER = {1920389},
}

@book {Treves67,
    AUTHOR = {Tr{\`e}ves, Fran{\c{c}}ois},
     TITLE = {Topological vector spaces, distributions and kernels},
 PUBLISHER = {Academic Press, New York-London},
      YEAR = {1967},
     PAGES = {xvi+624},
   MRCLASS = {46.00},
  MRNUMBER = {0225131},
MRREVIEWER = {J. Horv{\'a}th},
}


     PAGES = {45--57},
      ISSN = {0012-7094},
   MRCLASS = {47G05 (35S05)},
  MRNUMBER = {0435933},
MRREVIEWER = {Ju. V. Egorov},
}

@incollection {MR1037319,
    AUTHOR = {Helffer, B. and Sj{\"o}strand, J.},
     TITLE = {\'{E}quation de {S}chr\"odinger avec champ magn\'etique et
              \'equation de {H}arper},
 BOOKTITLE = {Schr\"odinger operators ({S}\o nderborg, 1988)},
    SERIES = {Lecture Notes in Phys.},
    VOLUME = {345},
     PAGES = {118--197},
 PUBLISHER = {Springer, Berlin},
      YEAR = {1989},
   MRCLASS = {35J10 (35H05 35S10 81Q10)},
  MRNUMBER = {1037319},
MRREVIEWER = {Stephan Rempel},
       DOI = {10.1007/3-540-51783-9_19},
       URL = {http://dx.doi.org/10.1007/3-540-51783-9_19},
}

@article {MR0176362,
    AUTHOR = {Kohn, J. J. and Nirenberg, L.},
     TITLE = {An algebra of pseudo-differential operators},
   JOURNAL = {Comm. Pure Appl. Math.},
  FJOURNAL = {Communications on Pure and Applied Mathematics},
    VOLUME = {18},
      YEAR = {1965},
     PAGES = {269--305},
      ISSN = {0010-3640},
   MRCLASS = {47.70 (35.23)},
  MRNUMBER = {0176362},
MRREVIEWER = {R. T. Seeley},
}

@article {MR1425328,
    AUTHOR = {Safarov, Yu.},
     TITLE = {Pseudodifferential operators and linear connections},
   JOURNAL = {Proc. London Math. Soc. (3)},
  FJOURNAL = {Proceedings of the London Mathematical Society. Third Series},
    VOLUME = {74},
      YEAR = {1997},
    NUMBER = {2},
     PAGES = {379--416},
      ISSN = {0024-6115},
     CODEN = {PLMTAL},
   MRCLASS = {58G15 (35S05 47G30)},
  MRNUMBER = {1425328},
MRREVIEWER = {Luigi Rodino},
       DOI = {10.1112/S0024611597000142},
       URL = {http://dx.doi.org/10.1112/S0024611597000142},
}

@article {MR764508,
    AUTHOR = {Taylor, Michael E.},
     TITLE = {Noncommutative microlocal analysis. {I}},
   JOURNAL = {Mem. Amer. Math. Soc.},
  FJOURNAL = {Memoirs of the American Mathematical Society},
    VOLUME = {52},
      YEAR = {1984},
    NUMBER = {313},
     PAGES = {iv+182},
      ISSN = {0065-9266},
     CODEN = {MAMCAU},
   MRCLASS = {58G15 (35A27 35H05 35S99)},
  MRNUMBER = {764508},
MRREVIEWER = {Gunther A. Uhlmann},
       DOI = {10.1090/memo/0313},
       URL = {http://dx.doi.org/10.1090/memo/0313},
}

@book {MR852988,
    AUTHOR = {Taylor, Michael E.},
     TITLE = {Noncommutative harmonic analysis},
    SERIES = {Mathematical Surveys and Monographs},
    VOLUME = {22},
 PUBLISHER = {American Mathematical Society, Providence, RI},
      YEAR = {1986},
     PAGES = {xvi+328},
      ISBN = {0-8218-1523-7},
   MRCLASS = {22E30 (43A65)},
  MRNUMBER = {852988},
MRREVIEWER = {L. Corwin},
       DOI = {10.1090/surv/022},
       URL = {http://dx.doi.org/10.1090/surv/022},
}
